
%Testing refs for natbib
%

@article{yuan2023efficient,
  title={Efficient estimation of the central mean subspace via smoothed gradient outer products},
  author={Yuan, Gan and Xu, Mingyue and Kpotufe, Samory and Hsu, Daniel},
  journal={arXiv preprint arXiv:2312.15469},
  year={2023}
}

@article{xia2002adaptive,
  title={An adaptive estimation of dimension reduction space},
  author={Xia, Yingcun and Tong, Howell and Li, Wai Keung and Zhu, Li-Xing},
  journal={Journal of the Royal Statistical Society Series B: Statistical Methodology},
  volume={64},
  number={3},
  pages={363--410},
  year={2002},
  publisher={Oxford University Press}
}

@book{li2018sufficient,
  title={Sufficient dimension reduction: Methods and applications with R},
  author={Li, Bing},
  year={2018},
  publisher={Chapman and Hall/CRC}
}

@article{hristache2001direct,
  title={Direct estimation of the index coefficient in a single-index model},
  author={Hristache, Marian and Juditsky, Anatoli and Spokoiny, Vladimir},
  journal={Annals of Statistics},
  pages={595--623},
  year={2001},
  publisher={JSTOR}
}

@inproceedings{trivedi2014consistent,
  title={A Consistent Estimator of the Expected Gradient Outerproduct.},
  author={Trivedi, Shubhendu and Wang, Jialei and Kpotufe, Samory and Shakhnarovich, Gregory},
  booktitle={UAI},
  pages={819--828},
  year={2014}
}

@article{wu2010learning,
  title={Learning gradients: predictive models that infer geometry and statistical dependence},
  author={Wu, Qiang and Guinney, Justin and Maggioni, Mauro and Mukherjee, Sayan},
  journal={The Journal of Machine Learning Research},
  volume={11},
  pages={2175--2198},
  year={2010},
  publisher={JMLR. org}
}

@inproceedings{boursier2022trace,
  title={Trace norm regularization for multi-task learning with scarce data},
  author={Boursier, Etienne and Konobeev, Mikhail and Flammarion, Nicolas},
  booktitle={Conference on Learning Theory},
  pages={1303--1327},
  year={2022},
  organization={PMLR}
}

@article{bach2017breaking,
  title={Breaking the curse of dimensionality with convex neural networks},
  author={Bach, Francis},
  journal={Journal of Machine Learning Research},
  volume={18},
  number={19},
  pages={1--53},
  year={2017}
}


